@article{hu1998,
  title={Sensitivity of cloud droplet growth to collision and coalescence efficiencies in a parcel model},
  author={Hu, Zailiang and Bruintjes, Roelof T and Betterton, Eric A},
  journal={Journal of the atmospheric sciences},
  volume={55},
  number={15},
  pages={2502--2515},
  year={1998}
}

@misc{scipy,
    author = {Eric Jones and Travis Oliphant and Pearu Peterson and others},
    title  = {{SciPy}: Open source scientific tools for {Python}},
    year   = {2001--},
    url    = {http://www.scipy.org/}
}

@article{hipe,
  title={The development of the HiPE system: Design and experience report},
  author={Johansson, Erik and Pettersson, Mikael and Sagonas, Konstantinos and Lindgren, Thomas},
  journal={International Journal on Software Tools for Technology Transfer},
  volume={4},
  number={4},
  pages={421--436},
  year={2003},
  publisher={Springer}
}
